@book{koebe1936kontaktprobleme,
  title={Kontaktprobleme der konformen Abbildung},
  author={Koebe, Paul},
  year={1936},
  publisher={Hirzel}
}
@inproceedings{cook1971complexity,
  title={The complexity of theorem-proving procedures},
  author={Cook, Stephen A},
  booktitle={Proceedings of the third annual ACM symposium on Theory of computing},
  pages={151--158},
  year={1971},
  organization={ACM}
}
@article{aigner2010hilbert,
  title={Hilbert's third problem: decomposing polyhedra},
  author={Aigner, Martin and Ziegler, G{\"u}nter M},
  journal={Proofs from the book},
  pages={53--61},
  year={2010},
  publisher={Springer}
}
@article{10.23073621846,
 ISSN = {00255572},
 URL = {http://www.jstor.org/stable/3621846},
 author = {E. C. Zeeman},
 journal = {The Mathematical Gazette},
 number = {506},
 pages = {241-247},
 publisher = {Mathematical Association},
 title = {On Hilbert's Third Problem},
 volume = {86},
 year = {2002}
}
@article{BC87,
  title={The complexity of minimizing wire lengths in VLSI layouts},
  author={Bhatt, Sandeep N and Cosmadakis, Stavros S},
  journal={Information Processing Letters},
  volume={25},
  number={4},
  pages={263--267},
  year={1987},
  publisher={Elsevier}
}
@article{lichtenstein1982planar,
  title={Planar formulae and their uses},
  author={Lichtenstein, David},
  journal={SIAM journal on computing},
  volume={11},
  number={2},
  pages={329--343},
  year={1982},
  publisher={SIAM}
}
@book{karp1972reducibility,
  title={Reducibility among combinatorial problems},
  author={Karp, Richard M},
  year={1972},
  publisher={Springer}
}
@article{kuratowski1930probleme,
  title={Sur le probleme des courbes gauches en topologie},
  author={Kuratowski, Casimir},
  journal={Fundamenta mathematicae},
  volume={1},
  number={15},
  pages={271--283},
  year={1930}
}
@article{AKR+04,
	author = "Alt, H. and Knauer, C. and Rote, G. and Whitesides, S.",
	journal = "Contemporary Mathematics, AMS",
	pages = "1--14",
	title = "{On the complexity of the linkage reconfiguration problem in Towards a Theory of Geometric Graphs}",
	volume = "342",
	year = "2004"
}

@article{BCD+09,
	author = "Ballinger, B. and Charlton, D. and Demaine, E. D. and Demaine, M. L. and Iacono, J. and Liu, C.-H. and Poon, S.-H.",
	journal = "Proc. 11th WADS, LNCS 5664, Springer",
	pages = "61--73",
	title = "{Minimal locked trees}",
	year = "2009"
}

@article{BC87,
	author = "Bhatt, S. N. and Cosmadakis, S. S.",
	journal = "Inform. Process. Lett 25",
	pages = "263--267",
	title = "{The complexity of minimizing wire lengths in VLSI layouts}",
	volume = "4",
	year = "1987"
}

@article{BK95,
	author = "Breu, H. and Kirkpatrick, D. G.",
	journal = "Proc. Sympos. Graph Drawing, LNCS 1027, Springer",
	pages = "88--98",
	title = "{On the complexity of recognizing intersection and touching graphs of discs}",
	year = "1995"
}

@article{BK98,
	author = "Breu, H. and Kirkpatrick, D. G.",
	journal = "Comput. Geom",
	pages = "3--24",
	title = "{Unit disk graph recognition is NP-hard}",
	volume = "9",
	year = "1998"
}

@article{CDR07,
	author = "Cabello, S. and Demaine, E. D. and Rote, G.",
	journal = "J. Graph Alg. Appl",
	pages = "259--276",
	title = "{Planar embeddings of graphs with specified edge lengths}",
	volume = "11",
	year = "2007"
}

@article{CdG+07,
	author = "Cheong, J.-S. and van der Stappen, A. F. and Goldberg, K. and Overmars, M. H. and Rimon, E.",
	journal = "Int. J. Comput. Geom. Appl",
	pages = "45--70",
	title = "{Immobilizing hinged polygons}",
	volume = "17",
	year = "2007"
}

@article{CD-ch9,
	author = "Connelly, R. and Demaine, E. D.",
	journal = "Handbook of Discrete and Computational Geometry 2nd ed CRC",
	pages = "197--218",
	title = "{Geometry and topology of polygonal linkages, ch. 9}",
	year = "2004"
}

@article{CDR03,
	author = "Connelly, R. and Demaine, E. D. and Rote, G.",
	journal = "Discrete Comput. Geom",
	pages = "205--239",
	title = "{Straightening polygonal arcs and convexifying polygonal cycles}",
	volume = "30",
	year = "2003"
}

@article{CDD+10,
	author = "Connelly, R. and Demaine, E. D. and Demaine, M. L. and Fekete, S. P. and Langerman, S. and Mitchell, J. S. B. and Rib{\'o}, A. and Rote, G.",
	journal = "Discrete Comput. Geom",
	pages = "439--462",
	title = "{Locked and unlocked chains of planar shapes}",
	volume = "44",
	year = "2010"
}

@article{SFM+11,
	author = "S{\'a}, V. G. P. De and Fonseca, G. D. Da and Machado, R. C. S. and Figueiredo, C. M. H. De",
	journal = "Theor. Comp. Sci",
	pages = "2370--2379",
	title = "{Complexity dichotomy on partial grid recognition}",
	volume = "412",
	year = "2011"
}

@article{BV96,
	author = "Battista, G. Di and Vismara, L.",
	journal = "SIAM J. Discrete Math",
	pages = "349--359",
	title = "{Angles of planar triangular graphs}",
	volume = "9",
	year = "1996"
}

@book{BET+99,
	author = "Battista, G. Di and Eades, P. and Tamassia, R. and Tollis, I. G.",
	publisher = "Prentice Hall",
	title = "{Graph Drawing: Algorithms for the Visualization of Graphs}",
	year = "1999"
}

@article{EW90,
	author = "Eades, P. and Wormald, N. C.",
	journal = "Discrete Applied Mathematics",
	pages = "111--134",
	title = "{Fixed edge-length graph drawing is NP-hard}",
	volume = "28",
	year = "1990"
}

@article{FHW97,
	author = "Fekete, S. P. and Houle, M. E. and Whitesides, S.",
	journal = "Proc. 5th Sympos. Graph Drawing, LNCS 1353, Springer",
	pages = "272--283",
	title = "{The wobbly logic engine: Proving hardness of non-rigid geometric graph representation problems}",
	year = "1997"
}

@article{Gre89,
	author = "Gregori, A.",
	journal = "Inform. Process. Lett",
	pages = "167--173",
	title = "{Unit-length embedding of binary trees on a square grid}",
	volume = "31",
	year = "1989"
}

@article{Hli97,
	author = "Hlin\v{e}n{\'y}, P.",
	journal = "Proc. 5th Sympos. Graph Drawing, LNCS 1353, Springer",
	pages = "350--358",
	title = "{Touching graphs of unit balls}",
	year = "1997"
}

@article{HK01,
	author = "Hlin\v{e}n{\'y}, P. and Kratochv{\'i}l, J.",
	journal = "Discrete Mathematics",
	pages = "101--124",
	title = "{Representing graphs by disks and balls (a survey of recognition-complexity results)}",
	volume = "229",
	year = "2001"
}

@article{KR92,
	author = "Knuth, D. E. and Raghunathan, A.",
	journal = "SIAM Discrete Math",
	pages = "422--427",
	title = "{The problem of compatible representatives}",
	volume = "5(3)",
	year = "1992"
}

@article{Lic82,
	author = "Lichtenstein, D.",
	journal = "Comput",
	number = "2",
	pages = "329--343",
	title = "{Planar formulae and their uses, SIAM J}",
	volume = "11",
	year = "1982"
}

@article{RW08,
	author = "Mulzer, W. and Rote, G.",
	journal = "ACM",
	number = "2",
	title = "{Minimum-weight triangulation is NP-hard, J}",
	volume = "55",
	year = "2008"
}

@inproceedings{Rei79,
	author = "Reif, J. H.",
	booktitle = "{Proc. 20th FoCS}",
	pages = "421--427",
	publisher = "IEEE",
	title = "{Complexity of the mover's problem and generalizations}",
	year = "1979"
}

@article{Str05,
	author = "Streinu, I.",
	journal = "Discrete Comput. Geom",
	pages = "587--635",
	title = "{Pseudo-triangulations, rigidity and motion planning}",
	volume = "34",
	year = "2005"
}

@book{stephenson2005introduction,
	author = "Stephenson, K.",
	isbn = "9780521823562",
	lccn = "2004054523",
	publisher = "Cambridge University Press",
	title = "{Introduction to Circle Packing: The Theory of Discrete Analytic Functions}",
	url = "http://books.google.com/books?id=38PxEmKKhysC",
	year = "2005"
}

@book{demaine2008geometric,
	author = "Demaine, E.D. and O'Rourke, J.",
	isbn = "9780521715225",
	lccn = "2009368429",
	publisher = "Cambridge University Press",
	title = "{Geometric Folding Algorithms: Linkages, Origami, Polyhedra}",
	url = "http://books.google.com/books?id=91tGLAAACAAJ",
	year = "2008"
}

@book{frederickson1997dissections,
	author = "Frederickson, G.N.",
	isbn = "9780521571975",
	lccn = "97011189",
	publisher = "Cambridge University Press",
	title = "{Dissections: Plane and Fancy}",
	url = "http://books.google.com/books?id=LWtgQgAACAAJ",
	year = "1997"
}

@article{Breu19983,
	author = "Breu, Heinz and Kirkpatrick, David G.",
	doi = "10.1016/S0925-7721(97)00014-X",
	issn = "0925-7721",
	journal = "Computational Geometry",
	keywords = "Disk intersection graphs; Disk touching graphs; NP-hard; Sphericity",
	note = "Special Issue on Geometric Representations of Graphs",
	number = "1--2",
	pages = "3--24",
	title = "{Unit disk graph recognition is NP-hard}",
	url = "http://www.sciencedirect.com/science/article/pii/S092577219700014X",
	volume = "9",
	year = "1998"
}

@article{arXiv13113363v1,
	archiveprefix = "arXiv",
	author = "Angel, Omer and Barlow, Martin T. and Gurel-Gurevich, Ori and Nachmias, Asaf",
	eprint = "1311.3363",
	journal = "",
	month = "November",
	primaryclass = "math.PR",
	title = "{Boundaries of planar graphs, via circle packings}",
	year = "2013"
}

@book{skiena2009algorithm,
	author = "Skiena, S.S.",
	isbn = "9781848000704",
	lccn = "2008931136",
	publisher = "Springer",
	title = "{The Algorithm Design Manual}",
	url = "http://books.google.com/books?id=7XUSn0IKQEgC",
	year = "2009"
}

@misc{davidEppstienJunkyard,
	author = "Eppstien, David",
	month = nov,
	title = "{The Geometry Junkyard}",
	url = "http://www.ics.uci.edu/~eppstein/junkyard/dissect.html",
	year = "2013"
}

@article{lockedAndUnlockedChainsOfPlanarShapes,
	author = "Connelly, Robert and Demaine, ErikD. and Demaine, MartinL. and Fekete, S{\'a}ndorP. and Langerman, Stefan and Mitchell, JosephS.B. and Rib{\'o}, Ares and Rote, G{\"u}nter",
	doi = "10.1007/s00454-010-9262-3",
	issn = "0179-5376",
	journal = "Discrete \& Computational Geometry",
	keywords = "Adornments; Carpenter{\rq}s rule; Hinged dissections; Locked chains; Monotone motion; Polygonal chains; Rigidity; Slender adornments; Unfolding chains",
	language = "English",
	number = "2",
	pages = "439--462",
	publisher = "Springer-Verlag",
	title = "{Locked and Unlocked Chains of Planar Shapes}",
	url = "http://dx.doi.org/10.1007/s00454-010-9262-3",
	volume = "44",
	year = "2010"
}

@misc{Biedl99lockedand,
	author = "Biedl, T. and Demaine, E. and Demaine, M. and Lazard, S. and Lubiw, A. and O'Rourke, J. and Overmars, M. and Robbins, S. and Streinu, I. and Toussaint, G. and Whitesides, S.",
	title = "{Locked and Unlocked Polygonal Chains in 3D}",
	year = "1999"
}
@article{BK+98,
  title={A better heuristic for orthogonal graph drawings},
  author={Biedl, Therese and Kant, Goos},
  journal={Computational Geometry},
  volume={9},
  number={3},
  pages={159--180},
  year={1998},
  publisher={Elsevier}
}
@book{canny1988complexity,
	author = "Canny, J.",
	isbn = "9780262031363",
	lccn = "88014762",
	publisher = "MIT Press",
	series = "{ACM doctoral dissertation award}",
	title = "{The Complexity of Robot Motion Planning}",
	url = "http://books.google.com/books?id=%5C_VRM%5C_sczrKgC",
	year = "1988"
}

@book{kleinberg2006algorithm,
	author = "Kleinberg, J. and Tardos, E.",
	isbn = "9788131703106",
	publisher = "Pearson Education",
	title = "{Algorithm Design}",
	url = "http://books.google.com/books?id=25p3mHu3ij8C",
	year = "2006"
}

@article{abbott2012hinged,
	author = "Abbott, Timothy G and Abel, Zachary and Charlton, David and Demaine, Erik D and Demaine, Martin L and Kominers, Scott Duke",
	journal = "Discrete \& Computational Geometry",
	number = "1",
	pages = "150--186",
	publisher = "Springer",
	title = "{Hinged dissections exist}",
	volume = "47",
	year = "2012"
}

@book{NAE3SATisNPhard,
	title={Computers and Intractibility},
  author={Garey, Michael R and Johnson, David S},
  year={1979},
  publisher={WH Freeman and company New York}
}

