@comment{x-kbibtex-personnameformatting=<%l><, %f>}

@book{stephenson2005introduction,
	author = "Stephenson, K.",
	isbn = "9780521823562",
	lccn = "2004054523",
	publisher = "Cambridge University Press",
	title = "{Introduction to Circle Packing: The Theory of Discrete Analytic Functions}",
	url = "http://books.google.com/books?id=38PxEmKKhysC",
	year = "2005"
}

@book{demaine2008geometric,
	author = "Demaine, E.D. and O'Rourke, J.",
	isbn = "9780521715225",
	lccn = "2009368429",
	publisher = "Cambridge University Press",
	title = "{Geometric Folding Algorithms: Linkages, Origami, Polyhedra}",
	url = "http://books.google.com/books?id=91tGLAAACAAJ",
	year = "2008"
}

@book{frederickson1997dissections,
	author = "Frederickson, G.N.",
	isbn = "9780521571975",
	lccn = "97011189",
	publisher = "Cambridge University Press",
	title = "{Dissections: Plane and Fancy}",
	url = "http://books.google.com/books?id=LWtgQgAACAAJ",
	year = "1997"
}

@article{Breu19983,
	author = "Breu, Heinz and Kirkpatrick, David G.",
	doi = "10.1016/S0925-7721(97)00014-X",
	issn = "0925-7721",
	journal = "Computational Geometry",
	keywords = "Disk intersection graphs; Disk touching graphs; NP-hard; Sphericity",
	note = "Special Issue on Geometric Representations of Graphs",
	number = "1--2",
	pages = "3--24",
	title = "{Unit disk graph recognition is NP-hard}",
	url = "http://www.sciencedirect.com/science/article/pii/S092577219700014X",
	volume = "9",
	year = "1998"
}

@article{arXiv13113363v1,
	archiveprefix = "arXiv",
	author = "Angel, Omer and Barlow, Martin T. and Gurel-Gurevich, Ori and Nachmias, Asaf",
	eprint = "1311.3363",
	journal = "",
	month = "November",
	primaryclass = "math.PR",
	title = "{Boundaries of planar graphs, via circle packings}",
	year = "2013"
}

@book{skiena2009algorithm,
	author = "Skiena, S.S.",
	isbn = "9781848000704",
	lccn = "2008931136",
	publisher = "Springer",
	title = "{The Algorithm Design Manual}",
	url = "http://books.google.com/books?id=7XUSn0IKQEgC",
	year = "2009"
}

@misc{davidEppstienJunkyard,
	author = "Eppstien, David",
	month = nov,
	title = "{The Geometry Junkyard}",
	url = "http://www.ics.uci.edu/~eppstein/junkyard/dissect.html",
	year = "2013"
}

@article{lockedAndUnlockedChainsOfPlanarShapes,
	author = "Connelly, Robert and Demaine, ErikD. and Demaine, MartinL. and Fekete, S{\'a}ndorP. and Langerman, Stefan and Mitchell, JosephS.B. and Rib{\'o}, Ares and Rote, G{\"u}nter",
	doi = "10.1007/s00454-010-9262-3",
	issn = "0179-5376",
	journal = "Discrete \& Computational Geometry",
	keywords = "Adornments; Carpenter{\rq}s rule; Hinged dissections; Locked chains; Monotone motion; Polygonal chains; Rigidity; Slender adornments; Unfolding chains",
	language = "English",
	number = "2",
	pages = "439--462",
	publisher = "Springer-Verlag",
	title = "{Locked and Unlocked Chains of Planar Shapes}",
	url = "http://dx.doi.org/10.1007/s00454-010-9262-3",
	volume = "44",
	year = "2010"
}

@misc{Biedl99lockedand,
	author = "Biedl, T. and Demaine, E. and Demaine, M. and Lazard, S. and Lubiw, A. and O'Rourke, J. and Overmars, M. and Robbins, S. and Streinu, I. and Toussaint, G. and Whitesides, S.",
	title = "{Locked and Unlocked Polygonal Chains in 3D}",
	year = "1999"
}

@book{canny1988complexity,
	author = "Canny, J.",
	isbn = "9780262031363",
	lccn = "88014762",
	publisher = "MIT Press",
	series = "{ACM doctoral dissertation award}",
	title = "{The Complexity of Robot Motion Planning}",
	url = "http://books.google.com/books?id=%5C_VRM%5C_sczrKgC",
	year = "1988"
}

@book{kleinberg2006algorithm,
	author = "Kleinberg, J. and Tardos, E.",
	isbn = "9788131703106",
	publisher = "Pearson Education",
	title = "{Algorithm Design}",
	url = "http://books.google.com/books?id=25p3mHu3ij8C",
	year = "2006"
}

@article{abbott2012hinged,
	author = "Abbott, Timothy G and Abel, Zachary and Charlton, David and Demaine, Erik D and Demaine, Martin L and Kominers, Scott Duke",
	journal = "Discrete \& Computational Geometry",
	number = "1",
	pages = "150--186",
	publisher = "Springer",
	title = "{Hinged dissections exist}",
	volume = "47",
	year = "2012"
}

@article{mulzer2008minimum,
  title={Minimum-weight triangulation is NP-hard},
  author={Mulzer, Wolfgang and Rote, G{\"u}nter},
  journal={Journal of the ACM (JACM)},
  volume={55},
  number={2},
  pages={11},
  year={2008},
  publisher={ACM}
}
