@book{stephenson2005introduction,
	author = "Stephenson, K.",
	isbn = "9780521823562",
	lccn = "2004054523",
	publisher = "Cambridge University Press",
	title = "{Introduction to Circle Packing: The Theory of Discrete Analytic Functions}",
	url = "http://books.google.com/books?id=38PxEmKKhysC",
	year = "2005"
}
@book{demaine2008geometric,
	author = "Demaine, E.D. and O'Rourke, J.",
	isbn = "9780521715225",
	lccn = "2009368429",
	publisher = "Cambridge University Press",
	title = "{Geometric Folding Algorithms: Linkages, Origami, Polyhedra}",
	url = "http://books.google.com/books?id=91tGLAAACAAJ",
	year = "2008"
}
@book{frederickson1997dissections,
  title={Dissections: Plane and Fancy},
  author={Frederickson, G.N.},
  isbn={9780521571975},
  lccn={97011189},
  url={http://books.google.com/books?id=LWtgQgAACAAJ},
  year={1997},
  publisher={Cambridge University Press}
}

@article{Breu19983,
title = "Unit disk graph recognition is NP-hard ",
journal = "Computational Geometry ",
volume = "9",
number = "1â€“2",
pages = "3 - 24",
year = "1998",
note = "Special Issue on Geometric Representations of Graphs",
issn = "0925-7721",
doi = "http://dx.doi.org/10.1016/S0925-7721(97)00014-X",
url = "http://www.sciencedirect.com/science/article/pii/S092577219700014X",
author = "Heinz Breu and David G. Kirkpatrick",
keywords = "Disk intersection graphs",
keywords = "Disk touching graphs",
keywords = "NP-hard",
keywords = "Sphericity "
}
